@misc{DigilentReferenceDesign,
  title = {Digilent ZedBoard Out-Of-Box Design},
  howpublished = {\url{https://reference.digilentinc.com/_media/zedboard/zedboard_oob_design.zip}},
  note = {Accessed: 2019-02-21}
}

@misc{DigilentTutorial,
  title = {Embedded Linux Hands-on Tutorial -- ZedBoard},
  howpublished = {\url{http://xilinx.eetrend.com/files-eetrend-xilinx/forum/201509/9209-20396-embedded_linux_handson_tutorial_zedboard_rev1.pdf}},
  note = {Accessed: 2019-02-21}
}
